dksimplicial,
	author = "W.G. Dwyer and D.M. Kan",
	title = "Simplicial localizations of categories",
	journal = "J. of Pure and Applied Algebra",
	year = "1980",
	number = "17",
	pages = "267--284"
}

@Article{ dkcomputing,
	author = "W.G. Dwyer and D.M. Kan",
	title = "Calculating simplicial localizations",
	journal = "J. of Pure and Applied Algebra",
	year = "1980",
	number = "18",
	pages = "17--35"
}

@Article{ dkfunction,
	author = "W.G. Dwyer and D.M. Kan",
	title = "Function complexes in Homotopical Algebra",
	journal = "Topology",
	year = "1980",
	number = "19",
	pages = "427--440"
}

@Article{ rezk,
	title = "A model for the homotopy theory of homotopy theory",
	author = "C. Rezk",
	journal = "Trans. Amer. Math. Soc.",
	pages = "973--1007",
	volume = "353",
	number = "3",
	year = "2001"
}

@InBook{ bergner1,
	title = "A survey of $(\infty,1)$-categories",
	author = "J.E. Bergner",
	journal = "Towards Higher Categories",
	pages = "69--83",
	year = "2010",
	series = "The IMA Volumes in Mathematics and its Applications",
	publisher = "Springer"
}

@Electronic{ bsp,
	title = "On the unicity of the homotopy theory of higher categories",
	author = "C. Barwick and C. Schommer-Pries",
	url = "http://arxiv.org/abs/1112.0040"
}

@Article{ jt,
	title = "Quasi-categories and Segal spaces",
	series = "Contemporary Mathematics",
	author = "A. Joyal and M. Tierney",
	publisher = "American Mathematical Society",
	pages = "277--326",
	volume = "431",
	year = "2007",
	journal = "Contemporary Mathematics"
}

@Article{ lurietft,
	title = "On the classification of topological field theories",
	author = "J. Lurie",
	journal = "Current Developments in Mathematics",
	pages = "129--280",
	volume = "2008",
	year = "2009"
}

@Article{ dks,
	title = "Homotopy commutative diagrams and their realizations",
	author = "W.G. Dwyer and D.M. Kan and J.H. Smith",
	journal = "Journal of Pure and Applied Algebra",
	pages = "5--24",
	volume = "57",
	number = "1",
	year = "1989"
}

@Electronic{ hs,
	title = "Descent pour les n-champs",
	author = "A. Hirschowitz and C. Simpson",
	url = "http://arxiv.org/abs/math/9807049"
}

@Article{ bergner2,
	title = "Three models for the homotopy theory of homotopy theories",
	author = "J.E. Bergner",
	journal = "Topology",
	pages = "397--436",
	volume = "46",
	number = "4",
	year = "2007"
}

@Electronic{ 
	toentalksegal,
	title = "Tamsamani categories, Segal categories, and applications",
	author = {B. Toen},
	year = "2005",
	url = "http://www.ima.umn.edu/talks/workshops/SP6.7-18.04/toen/betrand-IMA.pdf"
}

@Electronic{
	DS,
	title = "Mapping spaces in quasi-categories",
	author = "D. Dugger and D. I. Spivak",
	year = "2009",
	url = "http://arxiv.org/abs/0911.0469"
}

@Article{ bergner3,
	title = "A characterization of fibrant Segal categories",
	author = "J.E. Bergner",
	journal = "Proc. Amer. Math. Soc.",
	pages = "4031--4037",
	volume = "135",
	year = "2007"
}

@Article{ joyal2,
	title = "The theory of Quasi-categories and its applications",
	author = "A. Joyal",
	journal = "Lectures at CRM Barcelona",
	year = "2008"
}

@Article{ bergner4,
	title = "A model category structure on the category of simplicial categories",
	author = "J.E. Bergner",
	journal = "Trans. Amer. Math. Soc.",
	pages = "2043--2058",
	volume = "359",
	year = "2007"
}

@Unpublished{ joyal3,
	title = "Quasi-categories vs Simplicial categories",
	author = "A. Joyal",
	journal = "in pre",
	year = "2007",
	note = "in preparation"
}

@Electronic{ tv,
	title = "Segal topoi and stacks over Segal categories",
	author = {B. Toen and G. Vezzosi},
	url = "http://arxiv.org/abs/math/0212330"
}


@online{
	hollander,
	author = {S. Hollander},
	title = {A Homotopy Theory for Stacks},
	year = {2007},
	url = {http://arxiv.org/abs/math/0110247}	
}

@online{
	hypercover,
	author = {D. Dugger, S. Hollander and D. C. Isaksen},
	title = {Hypercovers and Simplicial Presheaves},
	year = {2003},
	url = {http://arxiv.org/abs/math/0205027}
}

@article{
	jardinepresheaves,
	author = {J.F. Jardine},
	title = {Simplicial Presheaves},
	journal = {J. of Pure and Applied Algebra},
	number = {47},
	pages = {35-87}
}

@article{
	weakequivalences,
	author = {D. Dugger and D. C. Isaksen},
	title = {Weak equivalences of simplicial presheaves},
	journal = {Proc. Conf. in Algebraic Topology (Evanston)},
	year = {2002}
}

@book{
	sga1,
	author = {A. Grothendieck and M. Raynaud},
	title = {SGA 1},
	publisher  ={Springer-Verlag},
	address = {New York},
	year = 1971,
	series = {Lecture Notes in Mathematics},
	number = {224}
}

@online{
	vistoli,
	author = {A. Vistoli},
	title = {Notes on Grothendieck topologies, fibered categories and descent theory},
	year = 2004,
	url = {http://arxiv.org/abs/math/0412512}
}

@book {
	hartshorne,
	author = {R. Hartshorne},
	title = {Algebraic Geometry},
	publisher = {Springer-Verlag},
	address = {New York},
	year = {1977},
	series = {Graduate Texts in Mathematics},
	number = {52}
}

@book{
	liu,
	author = {Q. Liu},
	title = {Algebraic Geometry and Arithmetic Curves},
	publisher = {Oxford University Press},
	address = {New York},
	year = {2002},
	series = {Oxford Graduate Texts in Mathematics}
}

@proceedings{
	fromHAtoHAG,
	author = {B. Toen and G. Vezzosi},
	title = {From Homotopical Algebra to Homotopical Algebraic Geometry},
	year = {2002},
	address = {Essen},
	month = {October 25 -- 26},
	organization = {Lecture at the DFG-Schwerpunkt workshop}
}

@book{weibel,
  shorthand = {CSAM29},
  title = {An introduction to homological algebra},
  author = {Weibel, Charles},
  isbn = {9780521559874},
  series = {Cambridge Studies in Advanced Mathematics},
  year = {1995},
  pages = {xiv+450},
  number = {29},
  publisher = {Cambridge University Press},
}

@phdthesis{verdierphd,
  author = {Verdier, Jean-Louis},
  title = {Des cat\'egories d\'eriv\'ees des cat\'egories ab\'eliennes},
  institution = {Universit\'e de Paris},
  year = {1967},
  language = {french},
}
