@Book{ altman,
	title = "Introduction to Grothendieck Duality Theory",
	series = "Lecture Notes in Mathematics",
	author = "A. Altman and S. Kleiman",
	publisher = "Springer-Verlag",
	number = "146",
	year = "1970"
}

@Book{ dubuc,
	author = "E.J. Dubuc",
	title = "Kan Extensions in Enriched Category Theory",
	publisher = "Springer",
	year = "1970",
	series = "Lecture Notes in Mathematics",
	number = "146"
}

@Electronic{ dhk,
	author = "W.G. Dwyer and P.S. Hirschhorn and D.M. Kan",
	title = "Model Categories and More General Abstract Homotopy Theory",
	year = "1997",
	url = "http://www.mimuw.edu.pl/~jacho/literatura/ModelCategory/DHK_ModelCateogories1.pdf"
}

@Article{ dwsp,
	author = "W.G. Dwyer and J. Spalinski",
	title = "Homotopy Theories and model categories",
	journal = "Handbook of Algebraic Topology",
	year = "1995"
}

@Article{ tohoku,
	author = "A. Grothendieck",
	title = "Sur quelque point d'Alg{\`e}bre Homologique",
	journal = "T{\^o}hoku Math. Journ.",
	year = 1957,
	pages = "119--221",
	volume = "IX"
}

@Book{ gj,
	author = "P. Goerss and J.F. Jardine",
	title = "Simplicial Homotopy Theory",
	publisher = {Birka{\"u}ser},
	year = "1999",
	series = "Progress in Mathematics",
	number = "174",
	address = "Basel"
}

@Book{ gz,
	author = "P. Gabriel and M. Zisman",
	title = "Calculus of Fractions and Homotopy Theory",
	publisher = "Springer-Verlag",
	address = "New York",
	year = 1967
}

@Book{ hatcher,
	author = "A. Hatcher",
	title = "Algebraic Topology",
	publisher = "Cambridge University Press",
	address = "32 Avenue of the Americas, New York",
	year = "2001"
}

@Book{ hirschhorn,
	author = "P.S. Hirschhorn",
	title = "Model categories and their localizations",
	publisher = "American Mathematical Society",
	address = "Providence, RI",
	year = "2003",
	series = "Mathematical Surveys and Monographs",
	number = "99"
}

@Book{ kashiwara,
	author = "M. Kashiwara and P. Schapira",
	title = "Categories and Sheaves",
	publisher = "Springer",
	year = "2006",
	series = "Gundleheren der Mathematiscehn Wissenschaften",
	number = "332"
}

@Book{ kelly,
	author = "G. M. Kelly",
	title = "Basic Concepts of Enriched Category Theory",
	publisher = "Cambridge University Press",
	year = "1982",
	series = "London Mathematical Society Lecture Note Series",
	number = "64"
}

@Book{ cwm,
	author = "S. MacLane",
	title = "Categories for the Working Mathematician",
	publisher = "Springer-Verlag",
	address = "New York",
	year = "1971",
	series = "Graduate Texts in Mathematics",
	number = "5"
}

@Book{ sheaves,
	author = "S. MacLane and I. Moerdijk",
	title = "Sheaves in Geometry and Logic: A First Introduction to Topos Theory",
	publisher = "Springer-Verlag",
	address = "Berlin Heidelberg New York",
	year = "1992"
}

@Book{ may,
	author = "J. P. May",
	title = "Simplicial objects in Algebraic Topology",
	publisher = "Chicago University Press",
	year = "1969",
	series = "Chicago Lectures in Mathematics"
}

@Book{ quillen,
	author = "D.J. Quillen",
	title = "Homotopical Algebra",
	publisher = "Springer",
	year = 1967,
	series = "Lecture Notes in Mathematics",
	number = "43"
}

@Electronic{ riehl,
	author = "E. Riehl",
	title = "Categorical Homotopy Theory",
	year = "2012",
	url = "http://www.math.harvard.edu/~eriehl/266x/lectures.pdf"
}

@Electronic{ shulman,
	author = "M. Shulman",
	title = "Homotopy limits and colimits and enriched homotopy theory",
	year = "2009",
	url = "http://arxiv.org/abs/math/0610194"
}

@Article{ joyal,
	author = "A. Joyal",
	title = "Quasi-categories and Kan complexes",
	journal = "J. of Pure and Applied Algebra",
	year = "2005",
	number = "175",
	pages = "207--222"
}

@Article{ dksimplicial,
	author = "W.G. Dwyer and D.M. Kan",
	title = "Simplicial localizations of categories",
	journal = "J. of Pure and Applied Algebra",
	year = "1980",
	number = "17",
	pages = "267--284"
}

@Article{ dkcomputing,
	author = "W.G. Dwyer and D.M. Kan",
	title = "Calculating simplicial localizations",
	journal = "J. of Pure and Applied Algebra",
	year = "1980",
	number = "18",
	pages = "17--35"
}

@Article{ dkfunction,
	author = "W.G. Dwyer and D.M. Kan",
	title = "Function complexes in Homotopical Algebra",
	journal = "Topology",
	year = "1980",
	number = "19",
	pages = "427--440"
}

@Article{ rezk,
	title = "A model for the homotopy theory of homotopy theory",
	author = "C. Rezk",
	journal = "Trans. Amer. Math. Soc.",
	pages = "973--1007",
	volume = "353",
	number = "3",
	year = "2001"
}

@InBook{ bergner1,
	title = "A survey of $(\infty,1)$-categories",
	author = "J.E. Bergner",
	journal = "Towards Higher Categories",
	pages = "69--83",
	year = "2010",
	series = "The IMA Volumes in Mathematics and its Applications",
	publisher = "Springer"
}

@Electronic{ bsp,
	title = "On the unicity of the homotopy theory of higher categories",
	author = "C. Barwick and C. Schommer-Pries",
	url = "http://arxiv.org/abs/1112.0040"
}

@Article{ jt,
	title = "Quasi-categories and Segal spaces",
	series = "Contemporary Mathematics",
	author = "A. Joyal and M. Tierney",
	publisher = "American Mathematical Society",
	pages = "277--326",
	volume = "431",
	year = "2007",
	journal = "Contemporary Mathematics"
}

@Article{ lurietft,
	title = "On the classification of topological field theories",
	author = "J. Lurie",
	journal = "Current Developments in Mathematics",
	pages = "129--280",
	volume = "2008",
	year = "2009"
}

@Article{ dks,
	title = "Homotopy commutative diagrams and their realizations",
	author = "W.G. Dwyer and D.M. Kan and J.H. Smith",
	journal = "Journal of Pure and Applied Algebra",
	pages = "5--24",
	volume = "57",
	number = "1",
	year = "1989"
}

@Electronic{ hs,
	title = "Descent pour les n-champs",
	author = "A. Hirschowitz and C. Simpson",
	url = "http://arxiv.org/abs/math/9807049"
}

@Article{ bergner2,
	title = "Three models for the homotopy theory of homotopy theories",
	author = "J.E. Bergner",
	journal = "Topology",
	pages = "397--436",
	volume = "46",
	number = "4",
	year = "2007"
}

@Electronic{ 
	toentalksegal,
	title = "Tamsamani categories, Segal categories, and applications",
	author = {B. Toen},
	year = "2005",
	url = "http://www.ima.umn.edu/talks/workshops/SP6.7-18.04/toen/betrand-IMA.pdf"
}

@Electronic{
	DS,
	title = "Mapping spaces in quasi-categories",
	author = "D. Dugger and D. I. Spivak",
	year = "2009",
	url = "http://arxiv.org/abs/0911.0469"
}

@Article{ bergner3,
	title = "A characterization of fibrant Segal categories",
	author = "J.E. Bergner",
	journal = "Proc. Amer. Math. Soc.",
	pages = "4031--4037",
	volume = "135",
	year = "2007"
}

@Article{ joyal2,
	title = "The theory of Quasi-categories and its applications",
	author = "A. Joyal",
	journal = "Lectures at CRM Barcelona",
	year = "2008"
}

@Article{ bergner4,
	title = "A model category structure on the category of simplicial categories",
	author = "J.E. Bergner",
	journal = "Trans. Amer. Math. Soc.",
	pages = "2043--2058",
	volume = "359",
	year = "2007"
}

@Unpublished{ joyal3,
	title = "Quasi-categories vs Simplicial categories",
	author = "A. Joyal",
	journal = "in pre",
	year = "2007",
	note = "in preparation"
}

@Electronic{ tv,
	title = "Segal topoi and stacks over Segal categories",
	author = {B. Toen and G. Vezzosi},
	url = "http://arxiv.org/abs/math/0212330"
}


@online{
	hollander,
	author = {S. Hollander},
	title = {A Homotopy Theory for Stacks},
	year = {2007},
	url = {http://arxiv.org/abs/math/0110247}	
}

@online{
	hypercover,
	author = {D. Dugger, S. Hollander and D. C. Isaksen},
	title = {Hypercovers and Simplicial Presheaves},
	year = {2003},
	url = {http://arxiv.org/abs/math/0205027}
}

@article{
	jardinepresheaves,
	author = {J.F. Jardine},
	title = {Simplicial Presheaves},
	journal = {J. of Pure and Applied Algebra},
	number = {47},
	pages = {35-87}
}

@article{
	weakequivalences,
	author = {D. Dugger and D. C. Isaksen},
	title = {Weak equivalences of simplicial presheaves},
	journal = {Proc. Conf. in Algebraic Topology (Evanston)},
	year = {2002}
}

@book{
	sga1,
	author = {A. Grothendieck and M. Raynaud},
	title = {SGA 1},
	publisher  ={Springer-Verlag},
	address = {New York},
	year = 1971,
	series = {Lecture Notes in Mathematics},
	number = {224}
}

@book{sga6,
  shorthand = {SGA6},
  title = {S\'eminaire de G\'eom\'etrie Alg\'ebrique du Bois Marie --- 1966--67 --- Th\'eorie des intersections et th\'eor\`eme de Riemann-Roch --- (SGA6)},
  editor = {Berthelot, Pierre and Grothendieck, Alexander and Illusie, Luc},
  series = {Lecture notes in mathematics},
  number = {225},
  publisher = {Springer-Verlag},
  year = {1971},
  pages = {xii+700},
}

@online{
	vistoli,
	author = {A. Vistoli},
	title = {Notes on Grothendieck topologies, fibered categories and descent theory},
	year = 2004,
	url = {http://arxiv.org/abs/math/0412512}
}

@book {
	hartshorne,
	author = {R. Hartshorne},
	title = {Algebraic Geometry},
	publisher = {Springer-Verlag},
	address = {New York},
	year = {1977},
	series = {Graduate Texts in Mathematics},
	number = {52}
}

@book{
	liu,
	author = {Q. Liu},
	title = {Algebraic Geometry and Arithmetic Curves},
	publisher = {Oxford University Press},
	address = {New York},
	year = {2002},
	series = {Oxford Graduate Texts in Mathematics}
}

@proceedings{
	fromHAtoHAG,
	author = {B. Toen and G. Vezzosi},
	title = {From Homotopical Algebra to Homotopical Algebraic Geometry},
	year = {2002},
	address = {Essen},
	month = {October 25 -- 26},
	organization = {Lecture at the DFG-Schwerpunkt workshop}
}

@book{weibel,
  shorthand = {CSAM29},
  title = {An introduction to homological algebra},
  author = {Weibel, Charles},
  isbn = {9780521559874},
  series = {Cambridge Studies in Advanced Mathematics},
  year = {1995},
  pages = {xiv+450},
  number = {29},
  publisher = {Cambridge University Press},
}

@phdthesis{verdierphd,
  author = {Verdier, Jean-Louis},
  title = {Des cat\'egories d\'eriv\'ees des cat\'egories ab\'eliennes},
  institution = {Universit\'e de Paris},
  year = {1967},
  language = {french},
}

@mvproceedings{keller,
  author = {Keller, Bernhard},
  organization = {European Mathematical Society},
  eventtitle = {International Congress of Mathematicians},
  title = {On differential graded categories},
  year = {2006},
  number = {2},
  eprint = {math/0601185},
  eprinttype = {arxiv},
  language = {english},
}

@book{lnm2008,
  shorthand = {LNM2008},
  title = {Topics in Algebraic and Topological K-Theory},
  author = {Baum, Paul Frank and Corti{\~n}as, Guillermo and Meyer, Ralf and S{\'a}nchez-Garc{\'\i}a, Rub\'en and Schlichting, Mario and To{\"e}n, Bertrand},
  chapter = {Lectures on DG-categories},
  pages = {243--302},
  number = {2008},
  isbn = {9783642157073},
  lccn = {2010938612},
  series = {Lecture Notes in Mathematics},
  year = {2011},
  publisher = {Springer}
}

@article{toen-vaquie,
  author = {To\"en, Bertrand and Vaqui\'e, Michel},
  title = {Moduli of objects in dg-categories},
  journal = {Annales Scientifiques de l'\'Ecole Normale Sup\'erieure},
  volume = {40},
  number = {3},
  pages = {387--444},
  year = {2007},
  eprint = {math/0503269},
  eprinttype = {arxiv},
}

@article{toen,
  author = {To\"en, Bertrand},
  title = {The homotopy theory of dg categories and derived Morita theory},
  journal = {Inventiones Mathematicae},
  volume = {167},
  issue = {3},
  pages = {615--667},
  year = {2007},
  eprint = {math/0408337},
  eprinttype = {arxiv},
  language = {english},
}

@article{tabuada,
  author = {Tabuada, Gon\c{c}alo},
  title = {Une structure de categorie de modeles de Quillen sur la categorie des dg-categories},
  journal = {C. R. Math. Acad. Sci. Paris},
  fjournal = {Comptes Rendus. Mathématique. Acad\'emie des Sciences, Paris},
  language = {french},
  issue = {1},
  volume = {340},
  year = {2005},
  pages = {15--19},
  eprint = {math/0407338},
  eprinttype = {arxiv},
}

@article{tabuada-2,
  author = {Tabuada, Gon\c{c}alo},
  title = {Invariants additifs de dg-cat\'egories},
  year = {2005},
  journal = {International Mathematics Research Notices},
  volume = {53},
  pages = {3309--3339},
  eprint = {math/0507227},
  eprinttype = {arxiv},
  language = {french},
}

@article{tabuada-3,
  author = {Tabuada, Gon\c{c}alo},
  title = {Homotopy theory of dg categories via localizing pairs and Drinfel'd's dg quotient},
  year = {2010},
  volume = {12},
  number = {1},
  pages = {187--219},
  journal = {Homology, homotopy and applications},
}

@book{gelfandmanin,
  title = {Methods of homological algebra},
  author = {Gelfand, Israel and Manin, Yuri},
  isbn = {9783642078132},
  series = {Springer Monographs in Mathematics},
  year = {2010},
  publisher = {Springer},
}

@book{lnm145,
  title = {Kan extensions in enriched category theory},
  shorthand = {LNM145},
  author = {Dubuc, Eduardo},
  lccn = {77131542},
  series = {Lecture Notes in Mathematics},
  number = {145},
  year = {1970},
  publisher = {Springer-Verlag},
} 

@book{
	htt,
	shorthand = {HTT},
	title = {Higher topos theory},
	author = {Lurie, Jacob},
	series = {Annals of Mathematics Studies},
	publisher = {Princeton University Press},
	number = {170},
	pages = {vii+960},
	year = {2009},
	isbn = {9780691140490},
}

@book{
	ha,
	shorthand = {HA},
	title = {Higher algebra},
	author = {Lurie, Jacob},
	year = {2012},
}

@incollection{chern,
  year = {2009},
  isbn = {978-3-642-01199-3},
  booktitle = {Algebraic Topology},
  volume = {4},
  series = {Abel Symposia},
  editor = {Baas, Nils and Friedlander, Eric and Jahren, Bj\"orn and \O stv\ae r, Paul Arne},
  title = {Chern character, loop spaces and derived algebraic geometry},
  publisher = {Springer},
  author = {To\"en, Bertrand and Vezzosi, Gabriele},
  pages = {331-354},
  language = {english},
}

@misc{caldararu,
  shorthand = {Ca05},
  author = {C\u{a}ld\u{a}raru, Andrei},
  title = {Derived categories of sheaves: a skimming},
  eprint = {math/0501094},
  eprinttype = {arXiv},
  year = {2005},
  pages = {1--34},
}

@article{orlov,
  author = {Orlov, Dmitri},
  title = {Equivalences of derived categories and K3 surfaces},
  journal = {Journal of Mathematical Sciences},
  year = {1997},
  volume = {84},
  pages = {1361--1381},
  eprint = {alg-geom/9606006},
  eprinttype = {arXiv},
}

@book{huybrechts,
  author = {Huybrechts, Daniel},
  title = {Fourier-Mukai transforms in algebraic geometry},
  publisher = {Oxford University Press},
  year = {2006},
  pages = {vi+307},
}

@book{hovey,
  title = {Model categories},
  shorthand = {MSM63},
  author = {Hovey, Mark},
  isbn = {9780821843611},
  lccn = {98345399},
  series = {Mathematical Surveys and Monographs},
  year = {1999},
  publisher = {American Mathematical Society},
  number = {63},
}

@article{ben-zvi,
  title = {Integral transforms and Drinfel'd centers in derived algebraic geometry},
  author = {Ben-Zvi, David and Francis, John and Nadler, David},
  year = {2010},
  journal = {Journal of the American Mathematical Society},
  volume = {23},
  pages = {909--966},
  eprint = {0805.0157},
  eprinttype = {arXiv},
}

@article{
	schwede,
	title = {Algebras and modules in monoidal model categories},
	author = {S. Schwede and B. E. Shipley},
	journal = {Proceedings of London Mathematical Society},
	year = {2000},
	volume = {80}
}

@article{
	hagI,
	author = {B. To\"en and G. Vezzosi},
	title = {Homotopical algebraic geometry I: Topos theory},
	journal = {Advances in Mathematics},
	year = {2005},
	volume = {193},
	pages = {257-372}
}

@article{
	heller,
	author = {A. Heller},
	title = {Homotopy Theories},
	journal = {Memoirs Americ. Math. Soc.},
	year = {1988},
	volume = {71}
}

@online{
	to1,
	title = {Higher and derived stacks: a global overview},
	author = {B. Toen},
	year = {2006},
	url = {http://arxiv.org/abs/math/0604504}
}

@online{
	to2,
	title = {Simplicial presheaves and derived algebraic geometry},
	author = {B. Toen},
	year = {2009},
	url = {http://ens.math.univ-montp2.fr/~toen/crm-2008.pdf}
}

@online{
	to3,
	title = {Champs affines},
	author = {B. Toen},
	year = {2006},
	url = {http://arxiv.org/abs/math/0012219}
}

@article{hagII,
  shorthand = {HAG-II},
  title = {Homotopical Algebraic Geometry II: Geometric stacks and applications},
  author = {To\"en, Bertrand and Vezzosi, Gabriele},
  journal = {Memoirs of the American Mathematical Society},
  year = {2008},
  volume = {193},
  number = {902},
  pages = {1--228},
}

@article{
	dgklinear,
	author = {Cohn, Lee},
	title = "Differential Graded Categories are k-linear Stable Infinity Categories",
	journal = {ArXiv e-prints},
	eprint = {1308.2587},
	year = 2013,
}

@article {dgklinear,
	author = {Cohn, Lee},
	title = {Differential Graded Categories are k-linear Stable Infinity Categories},
	year = {2013},
	url = {},
}

@inbook{hag2dag,
  shorthand = {HAG2DAG},
  title = {From HAG to DAG: derived moduli stacks},
  author = {To\"en, Bertrand and Vezzosi, Gabriele},
  booktitle={Axiomatic, Enriched and Motivic Homotopy Theory},
  editor = {Greenlees, John},
  isbn={9781402018343},
  series = {NATO science series. Series II, Mathematics, physics and chemistry},
  year = {2004},
  publisher = {Springer},
}

@inbook{lnm2008-toen,
  shorthand = {LNM2008},
  title = {Lectures on DG-categories},
  booktitle = {Topics in Algebraic and Topological K-Theory},
  author = {To{\"e}n, Bertrand},
  pages = {243--302},
  number = {2008},
  isbn = {9783642157073},
  lccn = {2010938612},
  series = {Lecture Notes in Mathematics},
  year = {2011},
  publisher = {Springer}
}

@Electronic{ brinftyn,
	title = "Comparison of models for $(\infty,n)$-categories, I",
	author = "J.E. Bergner and C. Rezk",
	url = "http://arxiv.org/abs/1204.2013",
	year = "2012",
	howpublished = "Available at: \url{http://arxiv.org/abs/1204.2013}"
}

@article{hovey-sheaves,
  author = {Hovey, Mark},
  title = {Model category structures on chain complexes of sheaves},
  journal = {Transactions of the American Mathematical Society},
  pages = {2441--2457},
  year = {2001},
  volume = {353},
  number = {6},
}

@article{bondal-vandenbergh,
  author = {Bondal, Alexei and Van den Bergh, Michel},
  title = {{Generators and representability of functors in commutative and noncommutative geometry}},
  journal = {Moscow Mathematical Journal},
  volume = {3},
  issue = {1},
  pages = {1--36},
  year = {2003},
  eprint = {math/0204218},
  eprinttype = {arxiv},
  language = {english},
}

@book{stacks,
  author = {de Jong, Aise Johan},
  shorthand = {Stacks},
  title = {The Stacks Project},
  year = {2013},
  url = {http://stacks.math.columbia.edu},
  language = {english},
}

@book{laumon-moret-bailly,
  title = {Champs alg\'e briques},
  author = {Laumon, Gerard and Moret-Bailly, Laurent},
  isbn = {9783540657613},
  year = {2000},
  publisher = {Springer},
  series = {Ergebnisse der Mathematik und ihrer Grenzgebiete. 3.\ Folge A Series of Modern Surveys in Mathematics},
  volume = {39},
}

@article{simpson,
  title = {Algebraic (geometric) $n$-stacks},
  author = {Simpson, Carlos},
  year = {1996},
  eprint = {alg-geom/9609014v},
  eprinttype = {arxiv},
  eprintclass = {math.AG},
}

@incollection{kontsevich,
  year = {1995},
  isbn = {978-1-4612-8714-8},
  booktitle = {The moduli space of curves},
  volume = {129},
  series = {Progress in Mathematics},
  editor = {Dijkgraaf, Robbert Henricus and Faber, Carel Filip and {van der Geer}, Gerard},
  title = {Enumeration of Rational Curves Via Torus Actions},
  publisher = {Birkh\"auser Boston},
  author = {Kontsevich, Maxim},
  pages = {335--368},
  language = {english},
  eprint = {hep-th/9405035},
  eprinttype = {arxiv},
  eprintclass = {hep-th},
}

@article{
	Be-Na,
  title = {Loop spaces and connections},
	author = {Ben-Zvi, David and Nadler, David},
	year = {2010},
	eprint = {1002.3636v2},
	eprinttype = {arxiv},
	eprintclass = {math.AG}
}

@article{
	Ci-Mo1,
	author = {Cisinski, Denis-Charles and Moerdijk, Ieke}, 
	title = {Dendroidal sets as models for homotopy operads},
	volume = {4}, 
	number = {2}, 
	pages = {257-299}, 
	year = {2011}, 
	eprint = {http://jtopol.oxfordjournals.org/content/4/2/257.full.pdf+html}, 
	journal = {Journal of Topology} 
}

@article{
	Ci-Mo2,
	author = {Cisinski, Denis-Charles and Moerdijk, Ieke},
	title = "{Dendroidal sets and simplicial operads}",
	journal = {ArXiv e-prints},
	eprinttype = {arxiv},
	eprint = {1109.1004},
	primaryClass = "math.AT",
	year = 2011
}

@online{
	connes,
	author = {Connes, Alain},
	title = {G\'eom\'etrie non commutative},
	year = {1994},
	url = {http://www.alainconnes.org/docs/book94bigpdf.pdf}
}

@book{
	mayloop,
	author = {May, J. Peter},
	title = {The geometry of iterated loop spaces},
	year = {1972},
	publisher = {Springer},
	number = {271},
	series = {Lecture Notes in Mathematics}
}

@article{
	Mo-We,
	author = {Moerdijk, Ieke and Weiss, Ittay},
	title = {Dendroidal Sets},
	journal = {ArXiv Mathematics e-prints},
	eprint = {arXiv:math/0701293},
	year = 2007,
}

@article{
	shiftedsymplectic,
	author = {Pantev, T. and To\"en, B. and Vaquie, M. and Vezzosi, G.},
	title = "{Shifted Symplectic Structures}",
	journal = {ArXiv e-prints},
	eprint = {1111.3209},
	primaryClass = "math.AG",
	year = 2011
}

@article{
	ToVedeRham,
	author = {To\"en, Bertrand and Vezzosi, Gabriele},
	title = {Alg\`bres simpliciales S1-\'equivariantes, th\'eorie de de Rham et th\'eor\`emes HKR multiplicatifs},
	journal = {Compositio Mathematica},
	volume = {147},
	issue = {06},
	month = {10},
	year = {2011},
	issn = {1570-5846},
	pages = {1979--2000},
	URL = {http://journals.cambridge.org/article_S0010437X11005501},
}

@book{
	brad-thesis,
	author = "Drew, B.",
	title = "Realisations Tannakiennes des Motifs Mixtes Triangules-Phd Thesis",
	publisher =  "",
	year = "2013",
 }

@incollection {
	waldhausen-ktheoryofspaces,
	author = {Waldhausen, Friedhelm},
	title = {Algebraic K-theory of spaces},
	booktitle = {Algebraic and geometric topology ({N}ew {B}runswick, {N}.{J}., 1983)},
	series = {Lecture Notes in Math.},
	volume = {1126},
	pages = {318--419},
	publisher = {Springer},
	address = {Berlin},
	year = {1985},
}

@book{
	bondal-kapranov3,
	author = "A. Bondal and M. Kapranov",
	title = "Enhanced Triangulated Categories",
	publisher = "",
	year = "",
	pages = "",

}

@incollection {
	MR0338129,
	author = {Quillen, Daniel},
	title = {Higher algebraic K-theory. {I}},
	booktitle = {Algebraic K-theory, {I}: {H}igher K-theories ({P}roc. {C}onf., {B}attelle {M}emorial {I}nst., {S}eattle, {W}ash., 1972)},
	pages = {85--147. Lecture Notes in Math., Vol. 341},
	publisher = {Springer},
	address = {Berlin},
	year = {1973}
}

@article {
	keller-exact,
	author = {Keller, Bernhard},
	title = {On the cyclic homology of exact categories},
	journal = {Journal of Pure and Applied Algebra},
	volume = {136},
	year = {1999},
	number = {1},
	pages = {1--56},
}

@incollection {
	weibel-homotopyinvariantktheory,
	author = {Weibel, Charles A.},
	title = {Homotopy algebraic K-theory},
	booktitle = {Algebraic K-theory and algebraic number theory, ({H}onolulu, {HI}, 1987)},
	series = {Contemp. Math.},
	volume = {83},
	pages = {461--488},
	publisher = {Amer. Math. Soc.},
	address = {Providence, RI},
	year = {1989}
}

@article {
	MR2822869,
	author = {Cisinski, Denis-Charles and Tabuada, Gon{\c{c}}alo},
	title = {Non-connective K-theory via universal invariants},
	journal = {Compositio Mathematica},
	volume = {147},
	year = {2011},
	number = {4},
	pages = {1281--1320},
}


@incollection {
	cisinski-descentpar,
	author = {Cisinski, Denis-Charles},
	title = {Descente par éclatements en K-théorie invariante par homotopie},
	booktitle = {Annals of Mathematics },
	volume = {177},
	pages = {425-448},
	year = {2013},  
}

@article {
	schlichting-negative,
	author = {Schlichting, Marco},
	title = {Negative K-theory of derived categories},
	journal = {Mathematische Zeitschrift},
	volume = {253},
	year = {2006},
	number = {1},
	pages = {97--134},
}


@book{
	Anthony-thesis,
	author = "Blanc, Anthony",
	title = "Topological K-theory and its Chern character for non-commutative spaces",
	publisher = "arXiv:1211.7360",
	year = "",
	pages = "",
}



@article {bondal-kapranov2,
    AUTHOR = {Bondal, A. I. and Kapranov, M. M.},
     TITLE = {Representable functors, {S}erre functors, and reconstructions},
	JOURNAL = {Izvestiya Akademii Nauk SSSR. Seriya Matematicheskaya},
    VOLUME = {53},
      YEAR = {1989},
    NUMBER = {6},
     PAGES = {1183--1205, 1337},
      ISSN = {0373-2436},
   MRCLASS = {14F05 (18E30 32C38 32L99 32S60)},
  MRNUMBER = {1039961 (91b:14013)},
MRREVIEWER = {Alexey N. Rudakov},
}


@inproceedings {bondal-orlov,
    AUTHOR = {Bondal, A. and Orlov, D.},
     TITLE = {Derived categories of coherent sheaves},
 BOOKTITLE = {Proceedings of the {I}nternational {C}ongress of
              {M}athematicians, {V}ol. {II} ({B}eijing, 2002)},
     PAGES = {47--56},
 PUBLISHER = {Higher Ed. Press},
   ADDRESS = {Beijing},
      YEAR = {2002},
   MRCLASS = {18E30 (14A22 14F05)},
  MRNUMBER = {1957019 (2003m:18015)},
MRREVIEWER = {Bal{\'a}zs Szendr{\"o}i},
}


@Book{kontsevich1,
  author =       "M. Kontsevich",
  title =        "Noncommutative motives. Talk at the Institute for Advanced Study on
the occasion of the 61
st
birthday of Pierre Deligne, October 2005. Video available at
http://video.ias.edu/Geometry-and-Arithmetic",
publisher =      "",
  year =         "",
  pages=         "",

}



@Book{kontsevich3,
  author =       "M. Kontsevich",
  title =        "Mixed noncommutative motives - Talk at the Workshop on Homological Mirror Symmetry. University of Miami. 2010. Notes available at
www-math.mit.edu/auroux/frg/miami10-notes",
publisher =      "",
  year =         "",
  pages=         "",

}

@article{tabuada-higherktheory,
    AUTHOR = {Tabuada, Gon{\c{c}}alo},
     TITLE = {Higher K-theory via universal invariants},
	JOURNAL = {Duke Mathematical Journal},
    VOLUME = {145},
      YEAR = {2008},
    NUMBER = {1},
     PAGES = {121--206},
      ISSN = {0012-7094},
     CODEN = {DUMJAO},
   MRCLASS = {18G55 (18E30 18F20 19D35 19D55)},
  MRNUMBER = {2451292 (2009j:18014)},
MRREVIEWER = {Ioannis Emmanouil},
       DOI = {10.1215/00127094-2008-049},
       URL = {http://dx.doi.org/10.1215/00127094-2008-049},
}

@article{tabuada-cisinski,
    AUTHOR = {Cisinski, Denis-Charles and Tabuada, Gon{\c{c}}alo},
     TITLE = {Symmetric monoidal structure on non-commutative motives},
	JOURNAL = {Journal of K-Theory. K-Theory and its Applications in Algebra, Geometry, Analysis \& Topology},
    VOLUME = {9},
      YEAR = {2012},
    NUMBER = {2},
     PAGES = {201--268},
      ISSN = {1865-2433},
   MRCLASS = {19Dxx (14Axx 18Dxx)},
  MRNUMBER = {2922389},
       DOI = {10.1017/is011011005jkt169},
       URL = {http://dx.doi.org/10.1017/is011011005jkt169},
}

@incollection {MR2986869,
    AUTHOR = {Tabuada, Gon{\c{c}}alo},
     TITLE = {A guided tour through the garden of noncommutative motives},
 BOOKTITLE = {Topics in noncommutative geometry},
    SERIES = {Clay Math. Proc.},
    VOLUME = {16},
     PAGES = {259--276},
 PUBLISHER = {Amer. Math. Soc.},
   ADDRESS = {Providence, RI},
      YEAR = {2012},
   MRCLASS = {19-02 (14A22 14C15)},
  MRNUMBER = {2986869},
}


@article {MR2296422,
    AUTHOR = {Rouquier, Rapha{\"e}l},
     TITLE = {Cat\'egories d\'eriv\'ees et g\'eom\'etrie birationnelle
              (d'apr\`es {B}ondal, {O}rlov, {B}ridgeland, {K}awamata et
              al.)},
      NOTE = {S{\'e}minaire Bourbaki. Vol. 2004/2005},
	JOURNAL = {Ast\'erisque},
    NUMBER = {307},
      YEAR = {2006},
     PAGES = {Exp. No. 946, viii, 283--307},
      ISSN = {0303-1179},
      ISBN = {978-2-85629-224-2},
   MRCLASS = {14E05 (14F05 18E30)},
  MRNUMBER = {2296422 (2008a:14021)},
MRREVIEWER = {Emanuele Macr{\'{\i}}},
}

@book {MR0249491,
    AUTHOR = {Bass, Hyman},
     TITLE = {Algebraic K-theory},
 PUBLISHER = {W. A. Benjamin, Inc., New York-Amsterdam},
      YEAR = {1968},
     PAGES = {xx+762},
   MRCLASS = {18.20},
  MRNUMBER = {0249491 (40 \#2736)},
MRREVIEWER = {A. Heller},
}


@Book{simpson-descente,
author =       "C Simpson and A Hirschowitz",
  title =        "Descente pour les n-champs",
publisher =  "",
  year =         "2001",
  

}

@article {MR0353298,
    AUTHOR = {Segal, Graeme},
     TITLE = {Categories and cohomology theories},
	JOURNAL = {Topology. An International Journal of Mathematics},
    VOLUME = {13},
      YEAR = {1974},
     PAGES = {293--312},
      ISSN = {0040-9383},
   MRCLASS = {55B20},
  MRNUMBER = {0353298 (50 \#5782)},
MRREVIEWER = {J. P. May},
}

@article {neeman,
    AUTHOR = {Neeman, Amnon},
     TITLE = {The {G}rothendieck duality theorem via {B}ousfield's
              techniques and {B}rown representability},
	JOURNAL = {Journal of the American Mathematical Society},
    VOLUME = {9},
      YEAR = {1996},
    NUMBER = {1},
     PAGES = {205--236},
      ISSN = {0894-0347},
}

@article {rodingsostaer,
    AUTHOR = {R{\"o}ndigs, Oliver and {\O}stv{\ae}r, Paul Arne},
     TITLE = {Motives and modules over motivic cohomology},
	JOURNAL = {Comptes Rendus Math\'ematique. Acad\'emie des Sciences. Paris},
    VOLUME = {342},
      YEAR = {2006},
    NUMBER = {10},
     PAGES = {751--754},
      ISSN = {1631-073X},
   MRCLASS = {14F42},
  MRNUMBER = {2227753 (2007d:14043)},
       DOI = {10.1016/j.crma.2006.03.013},
       URL = {http://dx.doi.org/10.1016/j.crma.2006.03.013},
}

@book {motiviccohomology-lectures,
    AUTHOR = {Mazza, Carlo and Voevodsky, Vladimir and Weibel, Charles},
     TITLE = {Lecture notes on motivic cohomology},
    SERIES = {Clay Mathematics Monographs},
    VOLUME = {2},
 PUBLISHER = {American Mathematical Society},
   ADDRESS = {Providence, RI},
      YEAR = {2006},
     PAGES = {xiv+216},
      ISBN = {978-0-8218-3847-1;             0-8218-3847-4      },
   MRCLASS = {14F42 (19E15)},
  MRNUMBER = {2242284 (2007e:14035)},
MRREVIEWER = {Thomas Geisser},
}


@article {voevodsky-morel,
    AUTHOR = {Morel, Fabien and Voevodsky, Vladimir},
     TITLE = {$\mathbb{A}^1$-homotopy theory of schemes},
	JOURNAL = {Institut des Hautes \'Etudes Scientifiques. Publications Math\'ematiques},
    NUMBER = {90},
      YEAR = {1999},
     PAGES = {45--143 (2001)},
}


@inproceedings {voevodsky-icm,
    AUTHOR = {Voevodsky, Vladimir},
     TITLE = {$\mathbb{A}^1$-homotopy theory},
 BOOKTITLE = {Proceedings of the {I}nternational {C}ongress of
              {M}athematicians, {V}ol. {I} ({B}erlin, 1998)},
	JOURNAL = {Documenta Mathematica},
      YEAR = {1998},
    NUMBER = {Extra Vol. I},
     PAGES = {579--604 (electronic)},
}

@book {sedano,
    AUTHOR = {Baum, Paul Frank and Corti{\~n}as, Guillermo and Meyer, Ralf
              and S{\'a}nchez-Garc{\'{\i}}a, Rub{\'e}n and Schlichting,
              Marco and To{\"e}n, Bertrand},
     TITLE = {Topics in algebraic and topological K-theory},
    SERIES = {Lecture Notes in Mathematics},
    VOLUME = {2008},
      NOTE = {Edited by Corti{\~n}as},
 PUBLISHER = {Springer-Verlag},
   ADDRESS = {Berlin},
      YEAR = {2011},
     PAGES = {xvi+302},
      ISBN = {978-3-642-15707-3},
   MRCLASS = {19-06 (46L80)},
  MRNUMBER = {2761828 (2011i:19001)},
       DOI = {10.1007/978-3-642-15708-0},
       URL = {http://dx.doi.org/10.1007/978-3-642-15708-0},
}

@article {MR2067481,
    AUTHOR = {Uehara, Hokuto},
     TITLE = {An example of {F}ourier-{M}ukai partners of minimal elliptic
              surfaces},
	JOURNAL = {Mathematical Research Letters},
    VOLUME = {11},
      YEAR = {2004},
    NUMBER = {2-3},
     PAGES = {371--375},
      ISSN = {1073-2780},
   MRCLASS = {14J27 (14F05 18E30)},
  MRNUMBER = {2067481 (2005g:14073)},
MRREVIEWER = {Yoshio Fujimoto},
}


@incollection {ondgcategories,
    AUTHOR = {Keller, Bernhard},
     TITLE = {On differential graded categories},
 BOOKTITLE = {International {C}ongress of {M}athematicians. {V}ol. {II}},
     PAGES = {151--190},
 PUBLISHER = {Eur. Math. Soc., Z\"urich},
      YEAR = {2006},
   MRCLASS = {18E30 (14A22 16D90)},
  MRNUMBER = {2275593 (2008g:18015)},
MRREVIEWER = {Volodymyr V. Lyubashenko},
}


@article {MR1930883,
    AUTHOR = {Schlichting, Marco},
     TITLE = {A note on K-theory and triangulated categories},
	JOURNAL = {Inventiones Mathematicae},
    VOLUME = {150},
      YEAR = {2002},
    NUMBER = {1},
     PAGES = {111--116},
      ISSN = {0020-9910},
     CODEN = {INVMBH},
   MRCLASS = {18E30 (18F25 19D10)},
  MRNUMBER = {1930883 (2003h:18015)},
MRREVIEWER = {Apostolos D. Beligiannis},
       DOI = {10.1007/s00222-002-0231-1},
       URL = {http://dx.doi.org/10.1007/s00222-002-0231-1},
}

@misc{1204.3607,
Author = {C. Barwick},
Title = {On the algebraic K-theory of higher categories},
Year = {2012},
Eprint = {arXiv:1204.3607},
}


@article {toenvezzosi-remarkonKtheory,
    AUTHOR = {To{\"e}n, Bertrand and Vezzosi, Gabriele},
     TITLE = {A remark on K-theory and S-categories},
	JOURNAL = {Topology. An International Journal of Mathematics},
    VOLUME = {43},
      YEAR = {2004},
    NUMBER = {4},
     PAGES = {765--791},
      ISSN = {0040-9383},
     CODEN = {TPLGAF},
   MRCLASS = {19D10 (18D20 18E30 18G55)},
  MRNUMBER = {2061207 (2005e:19001)},
MRREVIEWER = {Thomas H{\"u}ttemann},
       DOI = {10.1016/S0040-9383(03)00080-6},
       URL = {http://dx.doi.org/10.1016/S0040-9383(03)00080-6},
}



@article {Riou-SHcompact,
    AUTHOR = {Riou, Jo{\"e}l},
     TITLE = {Dualit\'e de {S}panier-{W}hitehead en g\'eom\'etrie
              alg\'ebrique},
	JOURNAL = {Comptes Rendus Math\'ematique. Acad\'emie des Sciences. Paris},
    VOLUME = {340},
      YEAR = {2005},
    NUMBER = {6},
     PAGES = {431--436},
      ISSN = {1631-073X},
   MRCLASS = {14F35 (55P25)},
  MRNUMBER = {2135324 (2006a:14028)},
MRREVIEWER = {Feng-Wen An},
       DOI = {10.1016/j.crma.2005.02.002},
       URL = {http://dx.doi.org/10.1016/j.crma.2005.02.002},
}

@book{gabrielthesis,
	author = "P. Gabriel ",
	title = "Des Categories Abeliennes",
	publisher = "Publications Mathematiques IHES",
	year = "",
  }

@book{Verdier,
	author = "Verdier, Jean L.",
	title = "Des Cat\'egories D\'erivees des Cat\'egories Ab\'eliennes",
	publisher = "Soci\'et\'e Math\'ematique de France",
	series = "Ast\'erisque",
	number = "239",
	year = "1967"
}

@book {lurie-htt,
    AUTHOR = {Lurie, Jacob},
     TITLE = {Higher topos theory},
    SERIES = {Annals of Mathematics Studies},
    VOLUME = {170},
 PUBLISHER = {Princeton University Press},
   ADDRESS = {Princeton, NJ},
      YEAR = {2009},
     PAGES = {xviii+925},
      ISBN = {978-0-691-14049-0;             0-691-14049-9      },
   MRCLASS = {18-02 (18B25 18E35 18G30 18G55 55U40)},
  MRNUMBER = {2522659 (2010j:18001)},
MRREVIEWER = {Mark Hovey},
}

@article {hovey-spectraandsymmetricspectra,
    AUTHOR = {Hovey, Mark},
     TITLE = {Spectra and symmetric spectra in general model categories},
	JOURNAL = {Journal of Pure and Applied Algebra},
    VOLUME = {165},
      YEAR = {2001},
    NUMBER = {1},
     PAGES = {63--127},
      ISSN = {0022-4049},
     CODEN = {JPAAA2},
   MRCLASS = {55P42 (14F35 14F42 55P43 55U35)},
  MRNUMBER = {1860878 (2002j:55006)},
MRREVIEWER = {J. P. C. Greenlees},
       DOI = {10.1016/S0022-4049(00)00172-9},
       URL = {http://dx.doi.org/10.1016/S0022-4049(00)00172-9},
}

@book {MR0249491,
    AUTHOR = {Bass, Hyman},
     TITLE = {Algebraic K-theory},
 PUBLISHER = {W. A. Benjamin, Inc., New York-Amsterdam},
      YEAR = {1968},
     PAGES = {xx+762},
   MRCLASS = {18.20},
  MRNUMBER = {0249491 (40 \#2736)},
MRREVIEWER = {A. Heller},
}

@article {MR0233871,
    AUTHOR = {Karoubi, Max},
     TITLE = {Foncteurs d\'eriv\'es et K-th\'eorie. {C}at\'egories
              filtr\'ees},
   JOURNAL = {C. R. Acad. Sci. Paris S\'er. A-B},
    VOLUME = {267},
      YEAR = {1968},
     PAGES = {A328--A331},
   MRCLASS = {18.20 (46.00)},
  MRNUMBER = {0233871 (38 \#2192)},
MRREVIEWER = {P. Abellanas},
}



@Book{tabuada-notes,
  author =       "G. Tabuada",
  title =        "A Guided Tour Through the Garden of Noncommutative Motive",
publisher = "Clay Mathematics Proceedings Volume 17",
  year =         "2012",
 

}


@article {tabuada-quillen,
    AUTHOR = {Tabuada, Goncalo},
     TITLE = {Une structure de cat\'egorie de mod\`eles de {Q}uillen sur la
              cat\'egorie des dg-cat\'egories},
	JOURNAL = {Comptes Rendus Math\'ematique. Acad\'emie des Sciences. Paris},
    VOLUME = {340},
      YEAR = {2005},
    NUMBER = {1},
     PAGES = {15--19},
      ISSN = {1631-073X},
   MRCLASS = {18E99},
  MRNUMBER = {2112034 (2005h:18033)},
       DOI = {10.1016/j.crma.2004.11.007},
       URL = {http://dx.doi.org/10.1016/j.crma.2004.11.007},
}


@Book{kontsevich2,
  author =       "M. Kontsevich",
  title =        "Triangulated categories and geometry - Course at the Ecole Normale Superieure, 
Paris, 1998. Notes available at www.math.uchicago.edu/mitya/langlands.html",
publisher =      "",
  year =         "",
  pages=         "",

}

@incollection {kontsevich-pantev-katzarkov,
    AUTHOR = {Katzarkov, L. and Kontsevich, M. and Pantev, T.},
     TITLE = {Hodge theoretic aspects of mirror symmetry},
 BOOKTITLE = {From {H}odge theory to integrability and {TQFT} tt*-geometry},
    SERIES = {Proc. Sympos. Pure Math.},
    VOLUME = {78},
     PAGES = {87--174},
 PUBLISHER = {Amer. Math. Soc.},
   ADDRESS = {Providence, RI},
      YEAR = {2008},
   MRCLASS = {14J32 (14A22 14C30 34M40)},
  MRNUMBER = {2483750 (2009j:14052)},
MRREVIEWER = {Mark Gross},
}

@Book{bondal-orlov-semi,
  author =       "Bondal, A. and  Orlov, D.",
  title =        "Semiorthogonal decomposition for algebraic varieties",
publisher =      "",
  year =         "",
  pages=         "",

}


@Book{beilinsonprojective,
  author =       "Beilinson, A.",
  title =        "The derived category of coherent sheaves on $\mathbb{P}^n$",
publisher =      "",
  year =         "",
  pages=         "",

}

@article {bondal-kapranov,
    AUTHOR = {Bondal, A. I. and Kapranov, M. M.},
     TITLE = {Framed triangulated categories},
	JOURNAL = {Matematicheski\u\i\ Sbornik},
    VOLUME = {181},
      YEAR = {1990},
    NUMBER = {5},
     PAGES = {669--683},
      ISSN = {0368-8666},
   MRCLASS = {18E30},
  MRNUMBER = {1055981 (91g:18010)},
MRREVIEWER = {L. N. Vaserstein},
}

@Book{riou-realizationfunctors,
  author =       "J Riou",
  title =        "Realization Functors",
publisher =      "",
  year =         "2006",
  pages=         "",

}

@Book{riou-spanierwhitehead,
  author =       "J Riou",
  title =        "Spanier-Whitehead duality in algebraic geometry",
publisher =      "",
  year =         "2004",
  pages=         "",

}

@incollection {thomasonalgebraic,
    AUTHOR = {Thomason, R. W. and Trobaugh, Thomas},
     TITLE = {Higher algebraic K-theory of schemes and of derived
              categories},
 BOOKTITLE = {The {G}rothendieck {F}estschrift, {V}ol.\ {III}},
    SERIES = {Progr. Math.},
    VOLUME = {88},
     PAGES = {247--435},
 PUBLISHER = {Birkh\"auser Boston},
   ADDRESS = {Boston, MA},
      YEAR = {1990},
   MRCLASS = {19E08 (14C35 19D10)},
  MRNUMBER = {1106918 (92f:19001)},
MRREVIEWER = {Charles Weibel},
       DOI = {10.1007/978-0-8176-4576-2_10},
       URL = {http://dx.doi.org/10.1007/978-0-8176-4576-2_10},
}

@book {MR2115000,
    AUTHOR = {Andr{\'e}, Yves},
     TITLE = {Une introduction aux motifs (motifs purs, motifs mixtes,
              p\'eriodes)},
    SERIES = {Panoramas et Synth\`eses [Panoramas and Syntheses]},
    VOLUME = {17},
 PUBLISHER = {Soci\'et\'e Math\'ematique de France},
   ADDRESS = {Paris},
      YEAR = {2004},
     PAGES = {xii+261},
      ISBN = {2-85629-164-3},
   MRCLASS = {14F42 (11J91 14C25 19E15)},
  MRNUMBER = {2115000 (2005k:14041)},
MRREVIEWER = {Luca Barbieri Viale},
}

@Book{motivesSeattle,
  author =       "",
  title =        "Motives ",
publisher =      "Proceedings of Symposia in Pure Mathematics",
  year =         "vol 55",
  pages=         "",

}

@Book{kahnzetamotives,
  author =       "Kahn, B.",
  title =        "Fonctions Zeta et L de Varietes et de
Motifs ",
publisher =      "M2-course - Universite Paris 6",
  year =         "2013",
  pages=         "",

}

@article {MR1693330,
    AUTHOR = {Morel, Fabien},
     TITLE = {Th\'eorie homotopique des sch\'emas},
	JOURNAL = {Ast\'erisque},
    NUMBER = {256},
      YEAR = {1999},
     PAGES = {vi+119},
      ISSN = {0303-1179},
   MRCLASS = {14F35 (19D25 19E08 55U35)},
  MRNUMBER = {1693330 (2000j:14031)},
MRREVIEWER = {Burt Totaro},
}

@article{
	nc2,
	author = {Robalo, Marco},
	title = "Noncommutative Motives II: K-Theory and Noncommutative Motives",
	journal = {ArXiv e-prints},
	eprint = {1306.3795},
	year = 2013,
}

@article{
	nc1,
	author = {{Robalo}, Marco},
	title = "{Noncommutative Motives I: A Universal Characterization of the Motivic Stable Homotopy Theory of Schemes}",
	journal = {ArXiv e-prints},
	eprint = {1206.3645},
	year = 2012,
}

@book{
	sernesi,
	title = {Deformations of algebraic schemes},
	author = {Sernesi, Edoardo},
	year = {2006},
	publisher = {Springer},
	series = {Grundlehren der mathematischen Wissenschaften},
	number = {334}
}

@article{
	infinitesimalextension,
	author = {Porta, Mauro and Vezzosi, Gabriele},
	title = "{Infinitesimal and square-zero extensions of simplicial algebras}",
	journal = {ArXiv e-prints},
	eprint = {1310.3573},
	year = 2013,
}

@book{
	dagx,
	author = {Lurie, Jacob},
	shorthand = {DAGX},
	title = {Formal moduli problems},
	year = {2011},
	url = {http://www.math.harvard.edu/~lurie/papers/DAG-X.pdf}
}

@article{
	manetti,
	author = {Manetti, Marco},
	title = {Lectures on deformations of complex manifolds},
	journal = {ArXiv Mathematics e-prints},
	eprint = {math/0507286},
	year = 2005,
}